
@book{Zal02,
author={ZÄƒlinescu, C.},
year=2002,
title={Convex analysis in general vector spaces},
publisher={River Edge, NJ: World Scientific Publishing Co., Inc},
pages={5--7}
}